<?xml version="1.0" encoding="UTF-8"?><collection xmlns="http://www.loc.gov/MARC21/slim"><record><leader>00530nam--2200193-i-4500</leader><controlfield tag="001">000028475</controlfield><controlfield tag="002">20161230</controlfield><controlfield tag="005">20161230201037</controlfield><controlfield tag="008">060222s1000------------r-----000-0-eng-d</controlfield><datafield ind1=" " ind2=" " tag="040"><subfield code="a">IFIN-HH</subfield></datafield><datafield ind1=" " ind2=" " tag="080"><subfield code="a">53(023)</subfield></datafield><datafield ind1="1" ind2=" " tag="100"><subfield code="a">Lange, V.N</subfield></datafield><datafield ind1="1" ind2="0" tag="245"><subfield code="a">Physical paradoxes and sophisms</subfield><subfield code="c">V.n. lange</subfield></datafield><datafield ind1=" " ind2=" " tag="260"><subfield code="a">Moscow</subfield><subfield code="b">Mir Publishers</subfield><subfield code="c">1978</subfield></datafield><datafield ind1=" " ind2=" " tag="300"><subfield code="a">232P</subfield></datafield><datafield ind1=" " ind2=" " tag="490"><subfield code="a">Science For Everyone</subfield></datafield><datafield ind1=" " ind2=" " tag="500"><subfield code="a">Titulul Original In Limba Rusa: Fiziceskie Paradoksi I Sofizmi</subfield></datafield><datafield ind1=" " ind2=" " tag="852"><subfield code="a">74916</subfield><subfield code="c">53</subfield></datafield><datafield ind1=" " ind2=" " tag="CAT"><subfield code="a">Sys</subfield><subfield code="c">20150811</subfield><subfield code="h">144724</subfield></datafield></record></collection>